%% This BibTeX bibliography file was created using BibDesk.
%% http://bibdesk.sourceforge.net/


%% Created for Nikolas Kuhlen at 2015-11-07 16:54:33 +0100 


%% Saved with string encoding Unicode (UTF-8) 



@article{BAXTERmeasuring,
	Author = {Marianne Baxter and Robert G. King},
	Date-Added = {2015-11-07 15:01:56 +0000},
	Date-Modified = {2015-11-07 15:03:10 +0000},
	Journal = {Review of Economics and Statistics},
	Number = {4},
	Pages = {575--93},
	Title = {Measuring Business Cycles: Approximate Band-Pass Filters for Economic Time Series.},
	Volume = {81},
	Year = {1999}}

@article{JERMANNfinancial,
	Author = {Urban Jermann and Vincenzo Quadrini},
	Date-Added = {2015-11-07 13:58:32 +0000},
	Date-Modified = {2015-11-07 14:00:11 +0000},
	Journal = {American Economic Review},
	Number = {1},
	Pages = {238--271},
	Title = {Macroeconomic Effects of Financial Shocks},
	Volume = {102},
	Year = {2012}}
